<?xml version="1.0" encoding="UTF-8"?>
<record xmlns="http://www.loc.gov/MARC21/slim">
  <leader>03104ntm a22003137a 4500</leader>
  <controlfield tag="001">3280014</controlfield>
  <controlfield tag="005">20090314005400.0</controlfield>
  <controlfield tag="008">090115s1837    xx            000 i eng d</controlfield>
  <datafield tag="033" ind1="0" ind2="0">
    <subfield code="a">18370821</subfield>
  </datafield>
  <datafield tag="035" ind1=" " ind2=" ">
    <subfield code="a">3280014</subfield>
  </datafield>
  <datafield tag="040" ind1=" " ind2=" ">
    <subfield code="a">BRL</subfield>
  </datafield>
  <datafield tag="099" ind1=" " ind2=" ">
    <subfield code="a">Ms.A.9.2, v.9, p.62</subfield>
  </datafield>
  <datafield tag="100" ind1="1" ind2=" ">
    <subfield code="a">Weston, Anne Warren,</subfield>
    <subfield code="d">1812-1890.</subfield>
  </datafield>
  <datafield tag="245" ind1="1" ind2="0">
    <subfield code="a">[Letter] To the Female A. S. [Anti-slavery] Society, Dear Friends</subfield>
    <subfield code="h">[manuscript].</subfield>
  </datafield>
  <datafield tag="260" ind1=" " ind2=" ">
    <subfield code="a">Boston,</subfield>
    <subfield code="c">Aug. 21, 1837.</subfield>
  </datafield>
  <datafield tag="300" ind1=" " ind2=" ">
    <subfield code="a">2 leaves (4 p.) ;</subfield>
    <subfield code="c">13 3/4 x 8 1/4 in.</subfield>
  </datafield>
  <datafield tag="500" ind1=" " ind2=" ">
    <subfield code="a">Holograph.</subfield>
  </datafield>
  <datafield tag="500" ind1=" " ind2=" ">
    <subfield code="a">Anne Warren Weston has been directed by the Board of the Boston Female Anti-slavery Society to address the members at this time to assure them that, while &quot;the hearts of many appear failing them for fear, yet it is not so with us.&quot; It is a solemn duty to renew our vows of consecration to the cause of the American slave.&quot; The main body of this epistle is concerned with the public appearances of women as abolitionists. Opponents of women&apos;s public speaking base their strictures on St. Paul&apos;s 5th chapter of Timothy. She is not surprised at this. &quot;The theologians who justify the enslaving of a certain portion of their fellow men ... are the very people whom we might naturally expect to find perverting the same sacred oracles ... to sanction the doctrines of woman&apos;s &amp; subordination.&quot; She emphasizes that this point of view is harmful to a man&apos;s character. She sets forth the two differing opinions among women, one favoring dependence and subordination, the other, while cheerfully fulfilling its domestic obligations, is not prepared to declare in favor of subservience. The right social intercourse between men and women is destroyed not through a false position occupied by some of womankind, but by &quot;mankind remaining in one.&quot; She now calls attention to the Misses Grimke: &quot;We feel it to be both a duty &amp; privilege to utter our convictions relative to their heroic &amp; noble career.&quot; Starting from the attempt being made to injure the effect of the Grimkes&apos; appeals through criticism of their addressing mixed assemblies, Anne argues against a literal and narrow interpretation of the words of St. Paul. She points out the &quot;false code of morals adopted by ... what is commonly called &apos;good society&apos;&quot; as naturally at variance with the conduct she is defending and trusts that all women who have embraced the anti-slavery cause &quot;will feel that touching this question they owe a responsibility not to man, but to God alone.&quot; She dwells on the abuse of slave women in the South.</subfield>
  </datafield>
  <datafield tag="600" ind1="1" ind2="0">
    <subfield code="a">Weston, Anne Warren,</subfield>
    <subfield code="d">1812-1890</subfield>
    <subfield code="v">Correspondence.</subfield>
  </datafield>
  <datafield tag="600" ind1="1" ind2="0">
    <subfield code="a">Grimké, Angelina Emily,</subfield>
    <subfield code="d">1805-1879.</subfield>
  </datafield>
  <datafield tag="600" ind1="1" ind2="0">
    <subfield code="a">Grimké, Sarah Moore,</subfield>
    <subfield code="d">1792-1873.</subfield>
  </datafield>
  <datafield tag="610" ind1="2" ind2="0">
    <subfield code="a">Boston Female Anti-slavery Society</subfield>
    <subfield code="v">Correspondence.</subfield>
  </datafield>
  <datafield tag="650" ind1=" " ind2="0">
    <subfield code="a">Antislavery movements</subfield>
    <subfield code="z">United States</subfield>
    <subfield code="x">History</subfield>
    <subfield code="y">19th century.</subfield>
  </datafield>
  <datafield tag="650" ind1=" " ind2="0">
    <subfield code="a">Women abolitionists</subfield>
    <subfield code="z">Massachusetts</subfield>
    <subfield code="z">Boston</subfield>
    <subfield code="y">19th century</subfield>
    <subfield code="v">Correspondence.</subfield>
  </datafield>
  <datafield tag="655" ind1=" " ind2="0">
    <subfield code="a">Letters.</subfield>
  </datafield>
  <datafield tag="655" ind1=" " ind2="0">
    <subfield code="a">Manuscripts.</subfield>
  </datafield>
  <datafield tag="710" ind1="2" ind2=" ">
    <subfield code="a">Boston Female Anti-slavery Society,</subfield>
    <subfield code="e">recipient.</subfield>
  </datafield>
  <datafield tag="830" ind1=" " ind2="0">
    <subfield code="a">Anne Warren Weston Correspondence (1834-1886)</subfield>
  </datafield>
  <datafield tag="999" ind1=" " ind2=" ">
    <subfield code="a">shots:</subfield>
  </datafield>
</record>
